@book{bußmann08,
  editor={Bußmann, Hadumod},
  title={Lexikon der Sprachwissenschaft},
  subtitle={mit ...14 Tabellen ...},
  edition={4., durchges. u. bibliogr. erg. Aufl.},
  publisher={Kr{\"o}ner},
  address={Stuttgart},
  year={2008},
  pages={XLI, 816, [3] S.},
  language={ger},
  isbn={978-3-520-45204-7},
  keywords={Linguistik},
  library={UB [Signatur: LA-H 2-10250::(4)] ; DE [Signatur: <DE> BasisLing 1] ; KP [Signatur: <KP> Ab 509] ; RO [Signatur: Ww 1.001 b] ; SL [Signatur: <SL> S 17.51/1]},
}

@book{perkuhn12,
  author={Perkuhn, Rainer and Keibel, Holger and Kupietz, Marc},
  title={Korpuslinguistik},
  publisher={Fink},
  address={Paderborn},
  year={2012},
  pages={144 S.},
  language={ger},
  isbn={978-3-8252-3433-1},
  series={UTB},
  keywords={Korpus <Linguistik> ; Korpus <Linguistik> / Lehrbuch},
  library={UB [Signatur: LA-H 2-27731] ; DE [Signatur: <DE> Sa 760,138] ; DI [Signatur: A 18.74 / Perkuhn]},
}
